@InCollection{biere1999,
    booktitle       = {Tools and Algorithms for the Construction and Analysis of Systems},
    author          = {Biere, Armin and Cimatti, Alessandro and Clarke, Edmund and Zhu, Yunshan},
    year            = {1999},
    volume          = {1579},
    series          = {Lecture Notes in Computer Science},
    editor          = {Cleaveland, W.Rance},
    doi             = {10.1007/3-540-49059-0_14},
    title           = {Symbolic Model Checking without BDDs},
    publisher       = {Springer Berlin Heidelberg},
    pages           = {193-207},
    language        = {English}
}

@inproceedings{burch1990,
	author          = {Burch, J. R. and Clarke, E. M. and McMillan, K. L. and Dill, D. L. and Hwang, L. J.},
	title           = {Symbolic Model Checking: $10^{20}$ States and Beyond},
	booktitle       = {Symposium on Logic in Computer Science},
	year            = {1990},
	pages           = {428--439}
} 

@inproceedings{narodytska2014,
	author          = {Narodytska, Nina and Legg, Alexander and Bacchus, Faheim and Ryzhyk, Leonid and Walker, Adam},
	title           = {Solving Games without Controllable Predecessor},
	booktitle       = {Computer Aided Verification},
	year            = {2014},
	pages           = {533--540}
} 

@article{pudlak1997,
    journal = {Journal of Symbolic Logic},
    number = {3},
    pages = {981--998},
    year = {1997},
    author = {Pavel Pudl\'a{}k},
    title = {Lower Bounds for Resolution and Cutting Plane Proofs and Monotone Computations},
    publisher = {Association for Symbolic Logic},
    volume = {62}
}
